@ARTICLE{ET93,
       author = {{Elmegreen}, B.~G. and {Thomasson}, M.},
        title = "{Grand design and flocculent spiral structure in computer simulations with star formation and gas heating.}",
      journal = {\aap},
         year = 1993,
        month = may,
       volume = {272},
        pages = {37-58},
       adsurl = {https://ui.adsabs.harvard.edu/abs/1993A&A...272...37E},
      adsnote = {Provided by the SAO/NASA Astrophysics Data System}
}



@ARTICLE{SM22,
       author = {{Sellwood}, J.~A. and {Masters}, Karen L.},
        title = "{Spirals in Galaxies}",
      journal = {\araa},
     keywords = {Astrophysics - Astrophysics of Galaxies},
         year = 2022,
        month = aug,
       volume = {60},
          doi = {10.1146/annurev-astro-052920-104505},
archivePrefix = {arXiv},
       eprint = {2110.05615},
 primaryClass = {astro-ph.GA},
       adsurl = {https://ui.adsabs.harvard.edu/abs/2022ARA&A..60...73S},
      adsnote = {Provided by the SAO/NASA Astrophysics Data System}
}
@ARTICLE{ward20,
       author = {{Ward}, Jacob L. and {Kruijssen}, J.~M. Diederik and {Rix}, Hans-Walter},
        title = "{Not all stars form in clusters - Gaia-DR2 uncovers the origin of OB associations}",
      journal = {\mnras},
     keywords = {proper motions, stars: formation, stars: kinematics and dynamics, open clusters and associations: general, Astrophysics - Solar and Stellar Astrophysics, Astrophysics - Astrophysics of Galaxies},
         year = 2020,
        month = apr,
       volume = {495},
       number = {1},
        pages = {663-685},
          doi = {10.1093/mnras/staa1056},
archivePrefix = {arXiv},
       eprint = {1910.06974},
 primaryClass = {astro-ph.SR},
       adsurl = {https://ui.adsabs.harvard.edu/abs/2020MNRAS.495..663W},
      adsnote = {Provided by the SAO/NASA Astrophysics Data System}
}

@ARTICLE{wright20,
       author = {{Wright}, Nicholas J.},
        title = "{OB Associations and their origins}",
      journal = {\nar},
     keywords = {OB Associations, Star clusters, Young stars, Star formation, Stellar kinematics and dynamics, Astrophysics - Solar and Stellar Astrophysics, Astrophysics - Astrophysics of Galaxies},
         year = 2020,
        month = nov,
       volume = {90},
          eid = {101549},
        pages = {101549},
          doi = {10.1016/j.newar.2020.101549},
archivePrefix = {arXiv},
       eprint = {2011.09483},
 primaryClass = {astro-ph.SR},
       adsurl = {https://ui.adsabs.harvard.edu/abs/2020NewAR..9001549W},
      adsnote = {Provided by the SAO/NASA Astrophysics Data System}
}

@ARTICLE{ward18,
       author = {{Ward}, Jacob L. and {Kruijssen}, J.~M. Diederik},
        title = "{Not all stars form in clusters - measuring the kinematics of OB associations with Gaia}",
      journal = {\mnras},
     keywords = {proper motions, stars: formation, stars: kinematics and dynamics, open clusters and associations: general, Astrophysics - Astrophysics of Galaxies, Astrophysics - Solar and Stellar Astrophysics},
         year = 2018,
        month = apr,
       volume = {475},
       number = {4},
        pages = {5659-5676},
          doi = {10.1093/mnras/sty117},
archivePrefix = {arXiv},
       eprint = {1801.03938},
 primaryClass = {astro-ph.GA},
       adsurl = {https://ui.adsabs.harvard.edu/abs/2018MNRAS.475.5659W},
      adsnote = {Provided by the SAO/NASA Astrophysics Data System}
}

@ARTICLE{lada03,
   author = {{Lada}, C.~J. and {Lada}, E.~A.},
    title = "{Embedded Clusters in Molecular Clouds}",
  journal = "ARA\&A",
   eprint = {arXiv:astro-ph/0301540},
     year = 2003,
   volume = 41,
    pages = {57-115},
      doi = {10.1146/annurev.astro.41.011802.094844},
   adsurl = {http://adsabs.harvard.edu/abs/2003ARA%26A..41...57L},
  adsnote = {Provided by the SAO/NASA Astrophysics Data System}



@ARTICLE{Gouliermis14,
       author = {{Gouliermis}, Dimitrios A. and {Hony}, Sacha and {Klessen}, Ralf S.},
        title = "{The complex distribution of recently formed stars. Bimodal stellar clustering in the star-forming region NGC 346}",
      journal = {\mnras},
     keywords = {stars: pre-main-sequence, stars: statistics, H II regions, ISM: individual objects: LHA 115-N66, open clusters and associations: individual: NGC 346, Magellanic Clouds, Astrophysics - Galaxy Astrophysics},
         year = 2014,
        month = apr,
       volume = {439},
       number = {4},
        pages = {3775-3789},
          doi = {10.1093/mnras/stu228},
archivePrefix = {arXiv},
       eprint = {1402.0078},
 primaryClass = {astro-ph.GA},
       adsurl = {https://ui.adsabs.harvard.edu/abs/2014MNRAS.439.3775G},
      adsnote = {Provided by the SAO/NASA Astrophysics Data System}
}



@ARTICLE{turner22,
       author = {{Turner}, Jordan A. and {Dale}, Daniel A. and {Lilly}, James and {Boquien}, Mederic and {Deger}, Sinan and {Lee}, Janice C. and {Whitmore}, Bradley C. and {Anand}, Gagandeep S. and {Benincasa}, Samantha M. and {Bigiel}, Frank and {Blanc}, Guillermo A. and {Chevance}, M{\'e}lanie and {Emsellem}, Eric and {Faesi}, Christopher M. and {Glover}, Simon C.~O. and {Grasha}, Kathryn and {Hughes}, Annie and {Klessen}, Ralf S. and {Kreckel}, Kathryn and {Kruijssen}, J.~M. Diederik and {Leroy}, Adam K. and {Pan}, Hsi-An and {Rosolowsky}, Erik and {Schruba}, Andreas and {Williams}, Thomas G.},
        title = "{PHANGS: constraining star formation time-scales using the spatial correlations of star clusters and giant molecular clouds}",
      journal = {\mnras},
     keywords = {galaxies: star clusters, galaxies: star formation, Astrophysics - Astrophysics of Galaxies},
         year = 2022,
        month = nov,
       volume = {516},
       number = {3},
        pages = {4612-4626},
          doi = {10.1093/mnras/stac2559},
archivePrefix = {arXiv},
       eprint = {2209.02872},
 primaryClass = {astro-ph.GA},
       adsurl = {https://ui.adsabs.harvard.edu/abs/2022MNRAS.516.4612T},
      adsnote = {Provided by the SAO/NASA Astrophysics Data System}
}



@ARTICLE{buta15,
       author = {{Buta}, Ronald J. and {Sheth}, Kartik and {Athanassoula}, E. and {Bosma}, A. and {Knapen}, Johan H. and {Laurikainen}, Eija and {Salo}, Heikki and {Elmegreen}, Debra and {Ho}, Luis C. and {Zaritsky}, Dennis and {Courtois}, Helene and {Hinz}, Joannah L. and {Mu{\~n}oz-Mateos}, Juan-Carlos and {Kim}, Taehyun and {Regan}, Michael W. and {Gadotti}, Dimitri A. and {Gil de Paz}, Armando and {Laine}, Jarkko and {Men{\'e}ndez-Delmestre}, Kar{\'\i}n and {Comer{\'o}n}, S{\'e}bastien and {Erroz Ferrer}, Santiago and {Seibert}, Mark and {Mizusawa}, Trisha and {Holwerda}, Benne and {Madore}, Barry F.},
        title = "{A Classical Morphological Analysis of Galaxies in the Spitzer Survey of Stellar Structure in Galaxies (S4G)}",
      journal = {\apjs},
     keywords = {atlases, galaxies: elliptical and lenticular, galaxies: irregular, galaxies: spiral, galaxies: structure, Astrophysics - Astrophysics of Galaxies, Astrophysics - Cosmology and Nongalactic Astrophysics},
         year = 2015,
        month = apr,
       volume = {217},
       number = {2},
          eid = {32},
        pages = {32},
          doi = {10.1088/0067-0049/217/2/32},
archivePrefix = {arXiv},
       eprint = {1501.00454},
 primaryClass = {astro-ph.GA},
       adsurl = {https://ui.adsabs.harvard.edu/abs/2015ApJS..217...32B},
      adsnote = {Provided by the SAO/NASA Astrophysics Data System}
}


@ARTICLE{EE87,
       author = {{Elmegreen}, Debra Meloy and {Elmegreen}, Bruce G.},
        title = "{Arm Classifications for Spiral Galaxies}",
      journal = {\apj},
     keywords = {Galactic Structure, Spiral Galaxies, Astronomical Catalogs, Classifications, Density Wave Model, Galactic Clusters, Sky Surveys (Astronomy), Astrophysics, GALAXIES: CLUSTERING, GALAXIES: GENERAL, GALAXIES: STRUCTURE},
         year = 1987,
        month = mar,
       volume = {314},
        pages = {3},
          doi = {10.1086/165034},
       adsurl = {https://ui.adsabs.harvard.edu/abs/1987ApJ...314....3E},
      adsnote = {Provided by the SAO/NASA Astrophysics Data System}
}



@ARTICLE{CG19,
       author = {{Choksi}, Nick and {Gnedin}, Oleg Y.},
        title = "{Origins of scaling relations of globular cluster systems}",
      journal = {\mnras},
     keywords = {globular clusters: general, galaxies: formation, galaxies: star clusters: general, Astrophysics - Astrophysics of Galaxies},
         year = 2019,
        month = oct,
       volume = {488},
       number = {4},
        pages = {5409-5419},
          doi = {10.1093/mnras/stz2097},
archivePrefix = {arXiv},
       eprint = {1905.05199},
 primaryClass = {astro-ph.GA},
       adsurl = {https://ui.adsabs.harvard.edu/abs/2019MNRAS.488.5409C},
      adsnote = {Provided by the SAO/NASA Astrophysics Data System}
}



@ARTICLE{BS06,
       author = {{Brodie}, Jean P. and {Strader}, Jay},
        title = "{Extragalactic Globular Clusters and Galaxy Formation}",
      journal = {\araa},
     keywords = {Astrophysics},
         year = 2006,
        month = sep,
       volume = {44},
       number = {1},
        pages = {193-267},
          doi = {10.1146/annurev.astro.44.051905.092441},
archivePrefix = {arXiv},
       eprint = {astro-ph/0602601},
 primaryClass = {astro-ph},
       adsurl = {https://ui.adsabs.harvard.edu/abs/2006ARA&A..44..193B},
      adsnote = {Provided by the SAO/NASA Astrophysics Data System}
}


@ARTICLE{OD2022,
       author = {{Orozco-Duarte}, Rogelio and {Wofford}, Aida and {Vidal-Garc{\'\i}a}, Alba and {Bruzual}, Gustavo and {Charlot}, Stephane and {Krumholz}, Mark R. and {Hannon}, Stephen and {Lee}, Janice and {Wofford}, Timothy and {Fumagalli}, Michele and {Dale}, Daniel and {Messa}, Matteo and {Grebel}, Eva K. and {Smith}, Linda and {Grasha}, Kathryn and {Cook}, David},
        title = "{Synthetic photometry of OB star clusters with stochastically sampled IMFs: analysis of models and HST observations}",
      journal = {\mnras},
     keywords = {methods: data analysis, stars: luminosity function, mass function, (ISM:) HII regions, galaxies: ISM, galaxies: stellar content, Astrophysics - Astrophysics of Galaxies},
         year = 2022,
        month = jan,
       volume = {509},
       number = {1},
        pages = {522-549},
          doi = {10.1093/mnras/stab2988},
archivePrefix = {arXiv},
       eprint = {2110.05595},
 primaryClass = {astro-ph.GA},
       adsurl = {https://ui.adsabs.harvard.edu/abs/2022MNRAS.509..522O},
      adsnote = {Provided by the SAO/NASA Astrophysics Data System}
} 

@unpublished{floyd,
   author = {{Floyd}, Matthew and {Chandar}, Rupali and the PHANGS-HST team},
   journal = {\apj},
   title = "PHANGS-HST: Globular Cluster Systems in 17 Nearby Spiral Galaxies",
   year = 2023,
   note = {(submitted)},
   month = nov
   }

@unpublished{lee23ubvi,
   author = {{Lee}, Janice and {Boquien}, Mederic and {Maschmann}, Daniel and {Thilker}, David and {Whitmore}, Bradley},
   journal = {\apjl},
   title = "The UBVI Color-Color Diagram as a Diagnostic Tool for the Study of Star Clusters",
   year = 2023,
   note = {(in preparation)},
   month = sep
   }

@unpublished{thilker23sed,
   author = {{Thilker}, David and {Lee}, Janice and {Whitmore}, Bradley and {Maschmann}, Daniel and {Deger}, Sinan},
   journal = {\mnras},
   title = "PHANGS-HST catalogs for $\sim$100,000 star clusters and associations in 38 galaxies: II. Improved SED fitting and physical properties",
   year = 2023,
   note = {(submitted)},
   month = sep
   }

@ARTICLE{lee07,
       author = {{Lee}, Janice C. and {Kennicutt}, Robert C. and {Funes}, S.~J., Jos{\'e} G. and {Sakai}, Shoko and {Akiyama}, Sanae},
        title = "{The Star Formation Demographics of Galaxies in the Local Volume}",
      journal = {\apjl},
     keywords = {Galaxies: Dwarf, Galaxies: Evolution, Galaxies: Fundamental Parameters, Galaxies: ISM, Galaxies: Stellar Content, Stars: Formation, Astrophysics},
         year = 2007,
        month = dec,
       volume = {671},
       number = {2},
        pages = {L113-L116},
          doi = {10.1086/526341},
archivePrefix = {arXiv},
       eprint = {0711.1390},
 primaryClass = {astro-ph},
       adsurl = {https://ui.adsabs.harvard.edu/abs/2007ApJ...671L.113L},
      adsnote = {Provided by the SAO/NASA Astrophysics Data System}
}

